<?xml version="1.0" encoding="UTF-8"?><collection xmlns="http://www.loc.gov/MARC21/slim"><record><leader>00413nam--2200133-i-4500</leader><controlfield tag="001">000044165</controlfield><controlfield tag="002">20161230</controlfield><controlfield tag="005">20161230201044</controlfield><controlfield tag="008">060222s1000------------r-----000-0-eng-d</controlfield><datafield ind1=" " ind2=" " tag="080"><subfield code="a">530.145</subfield></datafield><datafield ind1=" " ind2=" " tag="100"><subfield code="a">Grigore D.R</subfield></datafield><datafield ind1=" " ind2=" " tag="245"><subfield code="a">Teoria cuantica a campului. partea i. mecanica analitica a sistemelor cu un numar infinit de grade de libertate</subfield></datafield><datafield ind1=" " ind2=" " tag="260"><subfield code="a">Bucuresti, Institutul Central De Fizica, 1987</subfield></datafield><datafield ind1=" " ind2=" " tag="852"><subfield code="a">74076</subfield></datafield></record></collection>